2742 4876
533 385 942 435 *222*-

82 519 85 526 ¹
110 562 114 570 ’
209 567 347 628 versus,
369 539 554 632 praecipue
575 535 636 608 ‘vbi
657 540 761 608 multi
772 540 939 606 homerici
951 518 1145 630 interpositi
1163 549 1258 627 sunt,
1278 581 1288 598 τ

198 669 455 765 ,saepenumero
470 645 559 710 male
572 645 669 731 quasi
682 643 851 732 compacti
866 655 900 709 et
908 645 1140 734 conglutinati
1154 659 1256 730 sunt3

206 752 393 829 sedetiam
422 749 459 814 in
485 747 728 835 coniungendis
749 769 914 814 versuum
943 747 1137 832 ordinibus,
1182 750 1258 817 siue

109 887 114 902 ·
146 925 153 936 ,
205 855 370 927 membris
385 852 487 919 huius
501 850 608 938 partis
624 851 776 916 salebrae
789 849 1018 918 animaduerti
1031 865 1188 942 possunt.
1214 853 1257 920 In
1364 929 1368 936 ,

177 1019 180 1024 Α
204 976 352 1073 utraque
372 979 411 1022 re
434 954 679 1040 considerandq
698 976 769 1018 non
783 952 925 1026 facilem
948 953 1049 1021 illum
1068 957 1256 1024 transitum
1357 971 1361 980 ’

23 1143 28 1152 ,
108 1068 115 1074 ’
204 1062 437 1159 reperiemus,
470 1080 537 1143 qua
554 1055 680 1144 insigni
704 1054 833 1122 virtute
855 1057 1080 1125 condecorata
1101 1059 1257 1126 carmine

100 1196 102 1208 ·
202 1165 378 1240 homerica
391 1159 474 1228 alias
489 1156 706 1233 audientium
718 1157 845 1224 animos
860 1159 1048 1244 oblectant3
1039 1185 1141 1228 ·non
1155 1183 1257 1248 egre-

203 1268 260 1355 gia
271 1265 331 1332 ille
345 1275 380 1328 et
392 1260 510 1326 natiue
526 1271 599 1324 arte
618 1260 806 1334 verborum
820 1274 855 1328 et
870 1285 989 1333 rerum
1008 1264 1157 1330 rationes
1171 1265 1256 1364 vin·-

203 1369 286 1440 citas
310 1377 346 1430 et
365 1374 571 1454 temperatas
594 1364 797 1431 sentiemus:
830 1365 890 1450 sed
914 1365 1021 1432 hiulci
1038 1365 1184 1452 aliquid,
1218 1379 1269 1435 et.

204 1468 379 1543 borriduli
401 1479 502 1552 atque
524 1461 718 1563 praefracti,
738 1487 802 1532 nec
817 1465 908 1550 satis,
928 1479 969 1534 vt
984 1467 1033 1533 ita
1046 1466 1168 1552 dicam,
1191 1493 1256 1536 ro-

150 1579 155 1590 '
188 1575 306 1663 *tundi
319 1558 631 1640 animaduertemus
655 1563 893 1658 enegljgentia
914 1571 1062 1658 quadam
1074 1572 1258 1647 etineuria

59 1687 63 1694 ’
139 1683 143 1738 ξ
202 1689 337 1758 ortum,
350 1695 428 1760 -quo
448 1695 546 1738 aures
567 1673 741 1759 animique
761 1667 986 1740 offenduntur
1013 1689 1047 1746 et
1057 1673 1255 1761 irritantur,

202 1795 305 1870 atque
320 1776 428 1852 oratio
440 1775 550 1860 fluens
565 1788 599 1840 et
614 1776 776 1866 dissipata
790 1775 957 1842 redditur.
1001 1774 1180 1844 Eiusmodi
1194 1802 1257 1860 sa«,
1323 1777 1328 1785 “

41 1909 79 1954 ¹„
112 1955 113 1958 ,
200 1884 314 1951 lebras
329 1903 401 1945 non
414 1881 515 1945 modo
531 1879 734 1954 videbimus,
752 1877 812 1968 rbi
824 1877 950 1965 singuli
963 1902 1083 1946 versus
1096 1881 1256 1967 iungun-
1357 1917 1370 1928 -

199 1997 259 2050 tur
279 1995 313 2048 et
329 1981 468 2066 reliquis
487 1983 744 2064 consociantur,
760 1979 887 2068 'quibus
908 1981 947 2046 in
965 1981 1048 2050 locis
1071 1982 1252 2052 interdum

182 2083 411 2176 'qrraairima
430 2083 567 2177 infuso
585 2107 692 2174 opere
711 2071 802 2164 hiat'3
824 2105 950 2151 verum
971 2083 1074 2150 etiam
1088 2084 1149 2149 vbi
1159 2108 1253 2154 noua

199 2189 314 2276 aliqua
327 2207 406 2273 pars
429 2185 581 2270 fabulae,
603 2188 679 2269 vel,
702 2185 859 2253 siverbis
881 2186 1019 2252 veniam
1033 2191 1253 2274 concesseris,

118 2285 121 2292 Δ
197 2313 310 2379 neque
325 2289 467 2356 liberius
492 2290 623 2361 dictum
642 2289 852 2376 detorquere
868 2302 970 2376 atque
984 2312 1023 2355 eo
1040 2290 1136 2358 abuti
1148 2293 1252 2377 velis,

95 2421 99 2427 ·
162 2407 401 2512 nouascena
415 2393 453 2458 in
466 2393 531 2460 huc
544 2404 699 2469 extremo
718 2403 796 2458 actu
814 2391 955 2480 incipit,
977 2415 1049 2485 non
1062 2393 1189 2463 miram
1202 2398 1254 2463 il-
1293 2465 1297 2470 ,

162 2477 268 2588 lam
286 2509 411 2586 artem,
434 2517 521 2582 quae
536 2517 598 2562 nes
617 2515 705 2582 pene
726 2493 851 2560 inscios
873 2495 916 2560 ad
930 2517 1036 2560 nouas
1055 2518 1110 2562 res
1125 2500 1252 2565 tradu-

195 2602 258 2685 cit,
279 2601 340 2666 sed
358 2617 537 2688 compages
565 2607 600 2662 et
621 2597 716 2685 quasi
736 2610 873 2666 suturas
894 2597 1095 2667 laciniarum
1117 2603 1252 2668 sentie-
1314 2615 1317 2622 '

191 2714 285 2788 quus.
327 2705 368 2770 In
382 2701 448 2778 hac
460 2723 498 2765 re
513 2722 579 2782 me,
601 2697 785 2785 namquid
797 2700 871 2772 aliis
885 2702 1018 2789 placeat
1031 2703 1159 2788 nescio,
1181 2729 1250 2772 ne-

194 2805 319 2894 queiis
335 2803 428 2890 quod
450 2800 575 2868 vidisse
590 2803 675 2871 mihi
694 2799 816 2874 videor
836 2791 1020 2899 obtrudere
1042 2807 1131 2890 nolo,
1153 2809 1248 2876 haud
1297 2879 1300 2884 ,

132 2977 135 2980 .
195 2907 343 2976 absimili
356 2907 457 2974 modo
473 2906 636 2988 affectum
647 2902 749 2991 sensi,
771 2929 810 2972 ac
826 2904 855 2969 si
868 2904 906 2970 in
918 2889 1012 2994 picta
1025 2901 1163 2996 aliqua
1152 2934 1249 2978 rma

109 3085 113 3095 ‚
191 3011 275 3098 gine
289 3009 417 3084 colores
433 3033 502 3076 nou
518 3010 566 3075 ita
580 3021 786 3108 temperatos
801 3007 961 3113 uiderim,
974 3024 1015 3076 ιι
1028 3012 1251 3100 demonstra-5

193 3113 227 3179 ri
243 3125 408 3199 nequeat,
432 3113 492 3178 vbi
508 3111 594 3176 alius
612 3095 720 3180 alium
736 3104 901 3198 excipiat,
924 3111 983 3176 sed
997 3115 1251 3192 commissurae¹

193 3237 316 3284 eorum
328 3217 442 3321 primo
459 3214 573 3279 statim
588 3215 712 3280 obtutu
726 3214 875 3333 conspici
890 3226 924 3322 et
939 3214 1083 3306 discerni
1096 3219 1242 3307 possint.

278 3351 388 3420 Huius
403 3375 455 3418 ιιι
446 3323 631 3440 exempla
644 3349 844 3418 videntur
832 3367 942 3418 messe
957 3352 1035 3418 llis
1024 3375 1062 3420 ιιι
1079 3356 1174 3422 locis.

45 3437 47 3444 Ι
96 3453 100 3465 ¹
175 3554 189 3573 ,
284 3483 327 3543 Ψ·
349 3495 385 3540 v·
408 3491 489 3562 297,
519 3471 600 3539 vide
621 3471 777 3565 quae§.
782 3473 1002 3540 antecedente
1022 3475 1104 3542 huic
1122 3479 1242 3544 versui

192 3577 367 3666 adscripsi
1059 3605 1064 3613 ,

277 3723 321 3788 Ω.
337 3738 372 3784 ι
391 3736 440 3803 19,
463 3711 543 3780 vide
558 3735 644 3800 quae
660 3711 779 3783 eadem
801 3711 832 3798 S.
848 3679 930 3801 etp.
946 3711 1084 3784 aa'dixi.
1139 3809 1148 3818 ,-

275 3857 329 3922 De
347 3875 382 3933 ι.
403 3873 444 3939 99
469 3850 590 3918 eadem
607 3852 742 3934 valent,
764 3871 875 3937 neque
893 3852 1008 3920 minus
1030 3852 1177 3920 offendit
1198 3876 1236 3920 ι.

186 3959 250 4026 205
266 3958 341 4022 coll.
367 3959 446 4038 205,
469 3955 528 4021 vbi
541 3955 672 4020 subitus
692 3965 770 4040 post
792 3953 927 4039 longam
943 3955 1237 4045 intercapedinem

99 4067 104 4072 ’
185 4058 316 4130 reditus
330 4057 370 4122 fit
381 4058 583 4150 interposito
599 4077 704 4123 versu
722 4055 919 4156 saepissime
932 4059 1058 4127 obuios
1075 4053 1117 4139 lt·
1132 4071 1162 4129 οἱ
1177 4066 1237 4144 μιν

186 4157 314 4234 τοιαῦτα
334 4158 416 4253 aptis
433 4156 581 4244 ἀλλήλους
601 4157 747 4249 ᾰγιριυιν
767 4181 886 4248 aspero
906 4166 1056 4232 transitu
1070 4164 1113 4230 ad
1128 4165 1242 4250 Vlys-·
